<?xml version="1.0" encoding="UTF-8"?>
<record xmlns="http://www.loc.gov/MARC21/slim" xmlns:xsi="http://www.w3.org/2001/XMLSchema-instance" xsi:schemaLocation="http://www.loc.gov/MARC21/slim http://www.loc.gov/standards/marcxml/schema/MARC21slim.xsd">
<leader>00000cam a22      i 4500</leader>
<controlfield tag="001">001915526</controlfield>
<controlfield tag="003">NNU</controlfield>
<controlfield tag="005">20150410161749.0</controlfield>
<controlfield tag="008">870625s1970    iq c          000 0 arax</controlfield>
<datafield tag="010" ind1=" " ind2=" ">
<subfield code="a">   77960997</subfield>
</datafield>
<datafield tag="035" ind1=" " ind2=" ">
<subfield code="a">(OCoLC)18358739</subfield>
</datafield>
<datafield tag="040" ind1=" " ind2=" ">
<subfield code="a">DLC</subfield>
<subfield code="b">eng</subfield>
<subfield code="c">NYP</subfield>
<subfield code="d">OCLCQ</subfield>
<subfield code="d">NNU</subfield>
</datafield>
<datafield tag="050" ind1="0" ind2="0">
<subfield code="a">PJ7860.A84</subfield>
<subfield code="b">Z86 1970</subfield>
</datafield>
<datafield tag="100" ind1="1" ind2=" ">
<subfield code="a">Rāwī, Sharqīyah,</subfield>
<subfield code="d">1945-</subfield>
<subfield code="6">880-01</subfield>
</datafield>
<datafield tag="245" ind1="1" ind2="0">
<subfield code="6">880-02</subfield>
<subfield code="a">Lil-Shaʻb qaḍīyah /</subfield>
<subfield code="c">Sharqīyah al-Rāwī.</subfield>
</datafield>
<datafield tag="260" ind1=" " ind2=" ">
<subfield code="6">880-03</subfield>
<subfield code="a">Baghdād :</subfield>
<subfield code="b">al-Dār al-Qawmīyah,</subfield>
<subfield code="c">1970.</subfield>
</datafield>
<datafield tag="300" ind1=" " ind2=" ">
<subfield code="a">100 pages :</subfield>
<subfield code="b">portrait ;</subfield>
<subfield code="c">17 cm</subfield>
</datafield>
<datafield tag="336" ind1=" " ind2=" ">
<subfield code="a">text</subfield>
<subfield code="b">txt</subfield>
<subfield code="2">rdacontent</subfield>
</datafield>
<datafield tag="337" ind1=" " ind2=" ">
<subfield code="a">unmediated</subfield>
<subfield code="b">n</subfield>
<subfield code="2">rdamedia</subfield>
</datafield>
<datafield tag="338" ind1=" " ind2=" ">
<subfield code="a">volume</subfield>
<subfield code="b">nc</subfield>
<subfield code="2">rdacarrier</subfield>
</datafield>
<datafield tag="500" ind1=" " ind2=" ">
<subfield code="a">In Arabic.</subfield>
</datafield>
<datafield tag="500" ind1=" " ind2=" ">
<subfield code="6">880-04</subfield>
<subfield code="a">"Bi-munāsabat al-dhikrá al-thālithah li-wafāt faqīd al-ʻUrūbah al-Shāʻir al-ʻIrāqī ʻAdnān al-Rāwī."</subfield>
</datafield>
<datafield tag="600" ind1="1" ind2="0">
<subfield code="a">Rāwī, ʻAdnān,</subfield>
<subfield code="d">1925-1967</subfield>
<subfield code="6">880-05</subfield>
<subfield code="x">Criticism and interpretation.</subfield>
</datafield>
<datafield tag="776" ind1="0" ind2="8">
<subfield code="i">Online version:</subfield>
<subfield code="a">Rāwī, Sharqīyah, 1942-</subfield>
<subfield code="t">Lil-Shaʻb qaḍīyah.</subfield>
<subfield code="d">Baghdād : al-Dār al-Qawmīyah, 1970</subfield>
<subfield code="w">(OCoLC)586236722</subfield>
</datafield>
<datafield tag="880" ind1="1" ind2=" ">
<subfield code="6">100-01/</subfield>
<subfield code="a">راوي، شرقية،</subfield>
<subfield code="d">1945-</subfield>
</datafield>
<datafield tag="880" ind1="1" ind2="0">
<subfield code="6">245-02/</subfield>
<subfield code="a">للشعب قضية /</subfield>
<subfield code="c">شرقية الراوي.</subfield>
</datafield>
<datafield tag="880" ind1=" " ind2=" ">
<subfield code="6">260-03/</subfield>
<subfield code="a">بغداد :</subfield>
<subfield code="b">الدار القومية،</subfield>
<subfield code="c">1970.</subfield>
</datafield>
<datafield tag="880" ind1=" " ind2=" ">
<subfield code="6">500-04/</subfield>
<subfield code="a">"بمناسبة الذكرى الثالثة لوفات فقيد العروبة الشاعر العراقي عدنان الراوي."</subfield>
</datafield>
<datafield tag="880" ind1="1" ind2="4">
<subfield code="6">600-05/</subfield>
<subfield code="a">راوي، عدنان،</subfield>
<subfield code="d">1925-1967</subfield>
<subfield code="x">رتسم اند انترپرتتن.</subfield>
</datafield>
<datafield tag="OWN" ind1=" " ind2=" ">
<subfield code="a">GENERAL</subfield>
</datafield>
<datafield tag="AVA" ind1=" " ind2=" ">
<subfield code="a">NYU50</subfield>
<subfield code="b">BOBST</subfield>
<subfield code="c">Main Collection</subfield>
<subfield code="d">PJ7860.S885 Z86 1970</subfield>
<subfield code="e">unavailable</subfield>
<subfield code="t">Unavailable</subfield>
<subfield code="f">1</subfield>
<subfield code="g">1</subfield>
<subfield code="h">N</subfield>
<subfield code="i">0</subfield>
<subfield code="j">MAIN</subfield>
<subfield code="k">0</subfield>
</datafield>
</record>
